@article{chatrchyan2012observation,
  title={Observation of a new boson at a mass of 125 GeV with the CMS experiment at the LHC},
  author={Chatrchyan, Serguei and Khachatryan, Vardan and Sirunyan, Albert M and Tumasyan, Armen and Adam, Wolfgang and Aguilo, Ernest and Bergauer, Thomas and Dragicevic, M and Er{\"o}, J and Fabjan, C and others},
  journal={Physics Letters B},
  volume={716},
  number={1},
  pages={30--61},
  year={2012},
  publisher={Elsevier},
  note = {doi: \url{10.1016/j.physletb.2012.08.021}},
  url = {https://arxiv.org/abs/1207.7235}
}

@article{aad2012observation,
  title={Observation of a new particle in the search for the Standard Model Higgs boson with the ATLAS detector at the LHC},
  author={Aad, Georges and Abajyan, Tatevik and Abbott, B and Abdallah, J and Khalek, S Abdel and Abdelalim, Ahmed Ali and Abdinov, O and Aben, R and Abi, B and Abolins, M and others},
  journal={Physics Letters B},
  volume={716},
  number={1},
  pages={1--29},
  year={2012},
  publisher={Elsevier},
  url = {https://doi.org/10.1016/j.physletb.2012.08.020}
}


@article{martin1997supersymmetry,
  title={A supersymmetry primer (hep-ph/9709356) Preprint Martin SP 1998},
  author={Martin, SP},
  journal={Adv. Ser. Direct. High Energy Phys},
  volume={18},
  number={1},
  year={1997},
  note = {doi: \url{10.1142/9789812839657_0001}},
  url = {https://arxiv.org/abs/hep-ph/9709356}
}

@article{apollinari2017high,
  title={High Luminosity Large Hadron Collider HL-LHC},
  author={Apollinari, Giorgio and Br{\"u}ning, O and Nakamoto, Tatsushi and Rossi, Lucio},
  journal={arXiv preprint arXiv:1705.08830},
  year={2017},
  note = {doi: \url{10.5170/CERN-2015-005.1}},
  url = {http://dx.doi.org/10.5170/CERN-2015-005.1}
}

@techreport{apollinari2015high,
  title={High-luminosity large hadron collider (HL-LHC): Preliminary design report},
  author={Apollinari, Giorgio and B{\'e}jar Alonso, I and Br{\"u}ning, Oliver and Lamont, M and Rossi, Lucio},
  year={2015},
  institution={Fermi National Accelerator Lab.(FNAL), Batavia, IL (United States)},
  note = {doi: \url{10.5170/CERN-2015-005}},
  url = {https://arxiv.org/abs/1705.08830}
}

@book{griffiths2008introduction,
  title={Introduction to elementary particles},
  author={Griffiths, David},
  year={2008},
  publisher={John Wiley \& Sons}
}

@article{tanabashi2018review,
  title={Review of particle physics},
  author={Tanabashi, Masaharu and Hagiwara, K and Hikasa, K and Nakamura, K and Sumino, Y and Takahashi, F and Tanaka, J and Agashe, K and Aielli, G and Amsler, C and others},
  journal={Physical Review D},
  volume={98},
  number={3},
  pages={030001},
  year={2018},
  publisher={American Physical Society},
  url = {https://doi.org/10.1103/PhysRevD.98.030001}
}

@article{glashow1961partial,
  title={Partial-symmetries of weak interactions},
  author={Glashow, Sheldon L},
  journal={Nuclear Physics},
  volume={22},
  number={4},
  pages={579--588},
  year={1961},
  publisher={Elsevier},
  url = {https://doi.org/10.1016/0029-5582(61)90469-2}
}
@article{weinberg1967model,
  title={A model of leptons},
  author={Weinberg, Steven},
  journal={Physical review letters},
  volume={19},
  number={21},
  pages={1264},
  year={1967},
  publisher={APS},
  doi = {10.1103/PhysRevLett.19.1264},
  url = {https://link.aps.org/doi/10.1103/PhysRevLett.19.1264}
}

@inproceedings{salam1968elementary,
  title={Elementary particle physics},
  author={Salam, Abdus},
  booktitle={Nobel Symp},
  number={8},
  pages={367},
  year={1968}
}
@article{higgs1964broken,
  title = {Broken Symmetries and the Masses of Gauge Bosons},
  author = {Higgs, Peter W.},
  journal = {Phys. Rev. Lett.},
  volume = {13},
  issue = {16},
  pages = {508--509},
  numpages = {0},
  year = {1964},
  month = {Oct},
  publisher = {American Physical Society},
  doi = {10.1103/PhysRevLett.13.508},
  url = {https://link.aps.org/doi/10.1103/PhysRevLett.13.508}
}

@article{englert1964broken,
  title = {Broken Symmetry and the Mass of Gauge Vector Mesons},
  author = {Englert, F. and Brout, R.},
  journal = {Phys. Rev. Lett.},
  volume = {13},
  issue = {9},
  pages = {321--323},
  numpages = {0},
  year = {1964},
  month = {Aug},
  publisher = {American Physical Society},
  doi = {10.1103/PhysRevLett.13.321},
  url = {https://link.aps.org/doi/10.1103/PhysRevLett.13.321}
}

@article{glashow1970weak,
  title={Weak interactions with lepton-hadron symmetry},
  author={Glashow, Sheldon L and Iliopoulos, Jean and Maiani, Luciano},
  journal={Physical review D},
  volume={2},
  number={7},
  pages={1285},
  year={1970},
  publisher={APS},
  url = {https://doi.org/10.1103/PhysRevD.2.1285}
}

@article{kobayashi1973cp,
    author = {Kobayashi, Makoto and Maskawa, Toshihide},
    title = "{CP-Violation in the Renormalizable Theory of Weak Interaction}",
    journal = {Progress of Theoretical Physics},
    volume = {49},
    number = {2},
    pages = {652-657},
    year = {1973},
    month = {02},
    abstract = "{In a framework of the renormalizable theory of weak interaction, problems of CP-violation are studied. It is concluded that no realistic models of CP-violation exist in the quartet scheme without introducing any other new fields. Some possible models of CP-violation are also discussed.}",
    issn = {0033-068X},
    doi = {10.1143/PTP.49.652},
    url = {https://doi.org/10.1143/PTP.49.652},
    eprint = {http://oup.prod.sis.lan/ptp/article-pdf/49/2/652/5257692/49-2-652.pdf},
}


@article{herb1977observation,
  title={Observation of a dimuon resonance at 9.5 GeV in 400-GeV proton-nucleus collisions},
  author={Herb, SW and Hom, DC and Lederman, LM and Sens, JC and Snyder, HD and Yoh, JK and Appel, JA and Brown, BC and Brown, CN and Innes, Walter R and others},
  journal={Physical Review Letters},
  volume={39},
  number={5},
  pages={252},
  year={1977},
  publisher={APS},
  url = {https://doi.org/10.1103/PhysRevLett.39.252}
}

@article{abachi1994search,
  title={Search for the top quark in pp collisions at $\sqrt{s}$= 1.8 TeV},
  author={Abachi, S and Abbott, B and Abolins, M and Acharya, BS and Adam, I and Adams, DL and Adams, M and Ahn, S and Aihara, H and Alvarez, G and others},
  journal={Physical Review Letters},
  volume={72},
  number={14},
  pages={2138},
  year={1994},
  publisher={APS},
  url = {https://doi.org/10.1103/PhysRevLett.72.2138}
}

@article{coll1994evidence,
  title={Evidence for Top Quark Production in pp Collisions at $ \sqrt{s} $= 1.8 TeV},
  author={Coll, CDF and Abe, F and others},
  journal={Phys. Rev. Lett},
  volume={73},
  pages={225--231},
  year={1994},
  url = {https://doi.org/10.1103/PhysRevLett.73.225}
}

@article{abachi1995observation,
  title={Observation of the top quark},
  author={Abachi, So and Abbott, B and Abolins, M and Acharya, BS and Adam, I and Adams, DL and Adams, M and Ahn, S and Aihara, H and Alitti, J and others},
  journal={Physical Review Letters},
  volume={74},
  number={14},
  pages={2632},
  year={1995},
  publisher={APS},
  url = {https://doi.org/10.1103/PhysRevLett.74.2632}
}

@article{arbey2012higgs,
  title={The Higgs sector of the phenomenological MSSM in the light of the Higgs boson discovery},
  author={Arbey, Alexandre and Battaglia, Marco and Djouadi, Abdelhak and Mahmoudi, Farvah},
  journal={Journal of High Energy Physics},
  volume={2012},
  number={9},
  pages={107},
  year={2012},
  publisher={Springer},
  note = {doi: \url{10.1007/JHEP09(2012)107}},
  url = {https://arxiv.org/abs/1207.1348}
}

@article{kraml2016scalar,
  title={Scalar versus fermionic top partner interpretations of $t\Bar{t}+E_T^\text{miss}$ searches at the LHC},
  author={Kraml, Sabine and Laa, Ursula and Panizzi, Luca and Prager, Hugo},
  journal={Journal of High Energy Physics},
  volume={2016},
  number={11},
  pages={107},
  year={2016},
  publisher={Springer},
  note = {doi: \url{10.1007/JHEP11(2016)107}},
  url = {https://arxiv.org/abs/1608.01857}
}

@article{boehm2000decays,
  title={Decays of the lightest top squark},
  author={Boehm, C and Djouadi, A and Mambrini, Y},
  journal={Physical Review D},
  volume={61},
  number={9},
  pages={095006},
  year={2000},
  publisher={APS},
  note = {doi: \url{10.1103/PhysRevD.61.095006}},
  url = {https://link.aps.org/doi/10.1103/PhysRevD.61.095006}
}

@article{aad2014search,
  title={Search for top quark pair production in final tate with one iolated lepton, jet, and miing tranvere momentum in $\sqrt{s} $= 8 TeV pp colliion with the ATLAS detector},
  author={Aad, Georges and Abbott, Brad and Abdallah, Jalal and Khalek, S Abdel and Abdinov, O and Aben, Rosemarie and Abi, Babak and Abolins, Maris and AbouZeid, OS and Abramowicz, Halina and others},
  journal={Journal of High Energy Physics},
  volume={2014},
  number={11},
  pages={118},
  year={2014},
  publisher={Springer},
  note = {doi: \url{10.1007/JHEP11(2014)118}},
  url = {https://arxiv.org/abs/1407.0583}
}


@article{alwall2014automated,
  title={The automated computation of tree-level and next-to-leading order differential cross sections, and their matching to parton shower simulations},
  author={Alwall, Johan and Frederix, R and Frixione, S and Hirschi, V and Maltoni, Fabio and Mattelaer, Olivier and Shao, H-S and Stelzer, T and Torrielli, P and Zaro, M},
  journal={Journal of High Energy Physics},
  volume={2014},
  number={7},
  pages={79},
  year={2014},
  publisher={Springer},
  note = {doi: \url{10.1007/JHEP07(2014)079}},
  url = {https://arxiv.org/abs/1405.0301}
}

@article{alwall2011madgraph,
  title={MadGraph 5: going beyond},
  author={Alwall, Johan and Herquet, Michel and Maltoni, Fabio and Mattelaer, Olivier and Stelzer, Tim},
  journal={Journal of High Energy Physics},
  volume={2011},
  number={6},
  pages={128},
  year={2011},
  publisher={Springer},
  note = {doi: \url{10.1007/JHEP06(2011)128}},
  url = {https://arxiv.org/abs/1106.0522}
}

@article{sjostrand2015introduction,
  title={An introduction to PYTHIA 8.2},
  author={Sj{\"o}strand, Torbj{\"o}rn and Ask, Stefan and Christiansen, Jesper R and Corke, Richard and Desai, Nishita and Ilten, Philip and Mrenna, Stephen and Prestel, Stefan and Rasmussen, Christine O and Skands, Peter Z},
  journal={Computer physics communications},
  volume={191},
  pages={159--177},
  year={2015},
  publisher={Elsevier},
  note = {doi: \url{10.1016/j.cpc.2015.01.024}},
  url = {https://arxiv.org/abs/1410.3012}
}

@misc{collaboration2008atlas,
  doi = {10.1088/1748-0221/3/08/s08003},
  url = {https://doi.org/10.1088\%2F1748-0221\%2F3\%2F08\%2Fs08003},
  title={The ATLAS experiment at the CERN large hadron collider},
  author={Collaboration ATLAS and others},
  year={2008},
  publisher={Jinst}
}

@article{chatrchyan2008cms,
  title={The CMS experiment at the CERN LHC},
  author={Chatrchyan, Serguei and de Wolf, EA and others},
  journal={Journal of instrumentation.-Bristol, 2006, currens},
  volume={3},
  pages={S08004--1},
  year={2008},
  doi = {10.1088/1748-0221/3/08/s08004},
  url = {https://doi.org/10.1088/1748-0221/3/08/S08004}
}

@inproceedings{chen2015higgs,
  title={Higgs boson discovery with boosted trees},
  author={Chen, Tianqi and He, Tong},
  booktitle={NIPS 2014 workshop on high-energy physics and machine learning},
  pages={69--80},
  year={2015}
}

@article{bhat2018optimizing,
  title={Optimizing event selection with the random grid search},
  author={Bhat, Pushpalatha C and Prosper, Harrison B and Sekmen, Sezen and Stewart, Chip},
  journal={Computer Physics Communications},
  volume={228},
  pages={245--257},
  year={2018},
  publisher={Elsevier},
  note = {doi: \url{10.1016/j.cpc.2018.02.018}},
  url = {https://doi.org/10.1016/j.cpc.2018.02.018}
}

@book{james2013introduction,
  title={An introduction to statistical learning with Applications in R},
  author={James, Gareth and Witten, Daniela and Hastie, Trevor and Tibshirani, Robert},
  volume={112},
  year={2013},
  publisher={Springer},
  url = {http://www-bcf.usc.edu/~gareth/ISL/}
}

@article{ceriani2012origins,
  title={The origins of the Gini index: extracts from Variabilit{\`a} e Mutabilit{\`a} (1912) by Corrado Gini},
  author={Ceriani, Lidia and Verme, Paolo},
  journal={The Journal of Economic Inequality},
  volume={10},
  number={3},
  pages={421--443},
  year={2012},
  publisher={Springer},
  url = {https://doi.org/10.1007/s10888-011-9188-x}
}

@article{shannon1948mathematical,
  title={A mathematical theory of communication},
  author={Shannon, Claude Elwood},
  journal={Bell system technical journal},
  volume={27},
  number={3},
  pages={379--423},
  year={1948},
  publisher={Wiley Online Library},
  url = {https://doi.org/10.1002/j.1538-7305.1948.tb01338.x}
}

@inproceedings{ho1995random,
  title={Random decision forests},
  author={Ho, Tin Kam},
  booktitle={Proceedings of 3rd international conference on document analysis and recognition},
  volume={1},
  pages={278--282},
  year={1995},
  organization={IEEE},
  url = {http://ieeexplore.ieee.org/stamp/stamp.jsp?tp=&arnumber=598994&isnumber=13183}
}

@techreport{friedman1999stochastic,
  title={Stochastic gradient boosting},
  author={Friedman, JH},
  year={1999},
  institution={Stanford University, Technical Report, San Francisco, CA},
  url = {https://doi.org/10.1016/S0167-9473(01)00065-2}
}

@article{mcculloch1943logical,
  title={A logical calculus of the ideas immanent in nervous activity},
  author={McCulloch, Warren S and Pitts, Walter},
  journal={The bulletin of mathematical biophysics},
  volume={5},
  number={4},
  pages={115--133},
  year={1943},
  publisher={Springer},
  url = {https://doi.org/10.1007/BF02478259}
}

@inproceedings{wuraola2018sqnl,
  title={SQNL: A New Computationally Efficient Activation Function},
  author={Wuraola, Adedamola and Patel, Nitish},
  booktitle={2018 International Joint Conference on Neural Networks (IJCNN)},
  pages={1--7},
  year={2018},
  organization={IEEE},
  note = {doi: \url{10.1109/IJCNN.2018.8489043}},
  url = {http://ieeexplore.ieee.org/stamp/stamp.jsp?tp=&arnumber=8489043&isnumber=8488986}
}

@article{yao1999evolving,
  title={Evolving artificial neural networks},
  author={Yao, Xin},
  journal={Proceedings of the IEEE},
  volume={87},
  number={9},
  pages={1423--1447},
  year={1999},
  publisher={IEEE},
  note = {doi: \url{10.1109/5.784219}},
  url = {http://ieeexplore.ieee.org/stamp/stamp.jsp?tp=&arnumber=784219&isnumber=17008}
}

@inproceedings{graves2013speech,
  title={Speech recognition with deep recurrent neural networks},
  author={Graves, Alex and Mohamed, Abdel-rahman and Hinton, Geoffrey},
  booktitle={2013 IEEE international conference on acoustics, speech and signal processing},
  pages={6645--6649},
  year={2013},
  organization={IEEE},
  doi = {10.1109/ICASSP.2013.6638947},
  url = {http://ieeexplore.ieee.org/stamp/stamp.jsp?tp=&arnumber=6638947&isnumber=6637585}
}

@article{schmidhuber2015deep,
  title={Deep learning in neural networks: An overview},
  author={Schmidhuber, J{\"u}rgen},
  journal={Neural networks},
  volume={61},
  pages={85--117},
  year={2015},
  publisher={Elsevier},
  url = {https://doi.org/10.1016/j.neunet.2014.09.003}
}


@article{DBLP:journals/corr/Kim14f,
  author    = {Yoon Kim},
  title     = {Convolutional Neural Networks for Sentence Classification},
  journal   = {CoRR},
  volume    = {abs/1408.5882},
  year      = {2014},
  url       = {http://arxiv.org/abs/1408.5882},
  archivePrefix = {arXiv},
  eprint    = {1408.5882},
  timestamp = {Mon, 13 Aug 2018 16:46:21 +0200},
  biburl    = {https://dblp.org/rec/bib/journals/corr/Kim14f},
  bibsource = {dblp computer science bibliography, https://dblp.org}
}

@article{yiming2016search,
  title={Search for top squark pair production in final states with one isolated lepton, jets, and missing transverse momentum in s= 8 TeV pp collisions with the ATLAS detector},
  author={Yiming, Abulaiti and ATLAS Collaboration and others},
  journal={Nuclear and particle physics proceedings},
  volume={273},
  pages={2415--2417},
  year={2016},
  publisher={Elsevier},
  url = {ttps://doi.org/10.1016/j.nuclphysbps.2015.09.410}
}

@article{abdughani2018probing,
  title={Probing stop with graph neural network at the LHC},
  author={Abdughani, Murat and Ren, Jie and Wu, Lei and Yang, Jin Min},
  journal={arXiv preprint arXiv:1807.09088},
  year={2018},
  url = {https://arxiv.org/abs/1807.09088}
}

@article{sirunyan2018search,
  title={Search for top squarks decaying via four-body or chargino-mediated modes in single-lepton final states in proton-proton collisions at $\sqrt{s}$=13 TeV},
  author={Sirunyan, Albert M and Tumasyan, Armen and Adam, Wolfgang and Ambrogi, Federico and Asilar, Ece and Bergauer, Thomas and Brandstetter, Johannes and Brondolin, Erica and Dragicevic, Marko and Er{\"o}, Janos and others},
  journal={Journal of High Energy Physics},
  volume={2018},
  number={9},
  pages={65},
  year={2018},
  publisher={Springer},
  url = {https://arxiv.org/abs/1805.05784}
}

@article{yoshihara2017search,
  title={Search for 3rd generation superpartners with the ATLAS experiment},
  author={Yoshihara, Keisuke},
  journal={arXiv preprint arXiv:1710.02386},
  year={2017},
  url = {https://arxiv.org/abs/1710.02386}
}

@misc{adam-bourdarios_learning_2014,
	title = {Learning to discover: the {Higgs} boson machine learning challenge},
	shorttitle = {Higgs {Challenge}},
	url = {https://higgsml.lal.in2p3.fr/},
	publisher = {Higg Challenge},
	author = {Adam-Bourdarios, Claire and Cowan, Glen and Germain, Cécile and Guyon, Isabelle and Kégl, Balázs and Rousseau, David},
	year = {2014}
}

@inproceedings{albertsson2018machine,
  title={Machine learning in high energy physics community white paper},
  author={Albertsson, Kim and Altoe, Piero and Anderson, Dustin and Andrews, Michael and Espinosa, Juan Pedro Araque and Aurisano, Adam and Basara, Laurent and Bevan, Adrian and Bhimji, Wahid and Bonacorsi, Daniele and others},
  booktitle={Journal of Physics: Conference Series},
  volume={1085},
  number={2},
  pages={022008},
  year={2018},
  organization={IOP Publishing},
  url = {https://doi.org/10.10882F1742-65962F10852F22F022008}
}

@article{guest2018deep,
  title={Deep learning and its application to LHC physics},
  author={Guest, Dan and Cranmer, Kyle and Whiteson, Daniel},
  journal={Annual Review of Nuclear and Particle Science},
  volume={68},
  pages={161--181},
  year={2018},
  publisher={Annual Reviews},
  doi = {10.1088/1742-6596/1085/2/022008},
  url = {https://doi.org/10.1088\%2F1742-6596\%2F1085\%2F2\%2F022008}
}

@article{roxlo2018opening,
  title={Opening the black box of neural nets: case studies in stop/top discrimination},
  author={Roxlo, Thomas and Reece, Matthew},
  journal={arXiv preprint arXiv:1804.09278},
  year={2018},
  url = {https://arxiv.org/abs/1804.09278}
}

@article{carleo2019machine,
  title={Machine learning and the physical sciences},
  author={Carleo, Giuseppe and Cirac, Ignacio and Cranmer, Kyle and Daudet, Laurent and Schuld, Maria and Tishby, Naftali and Vogt-Maranto, Leslie and Zdeborov{\'a}, Lenka},
  journal={arXiv preprint arXiv:1903.10563},
  year={2019},
  url = {https://arxiv.org/abs/1903.10563}
}

@article{barr2011guide,
  title={Guide to transverse projections and mass-constraining variables},
  author={Barr, Alan J and Khoo, TJ and Konar, P and Kong, K and Lester, CG and Matchev, KT and Park, M},
  journal={Physical Review D},
  volume={84},
  number={9},
  pages={095031},
  year={2011},
  publisher={APS},
  note = {doi: \url{10.1103/PhysRevD.84.095031}},
  url = {https://link.aps.org/doi/10.1103/PhysRevD.84.095031}
}

@article{cms2011missing,
  title={Missing transverse energy performance of the CMS detector},
  author={Collaboration CMS and others},
  journal={Journal of Instrumentation},
  volume={6},
  number={09},
  pages={P09001},
  year={2011},
  publisher={IOP Publishing},
  url = {https://arxiv.org/pdf/1106.5048}
}

@article{lester2011stransverse,
  title={The stransverse mass, M T2, in special cases},
  author={Lester, Christopher G},
  journal={Journal of High Energy Physics},
  volume={2011},
  number={5},
  pages={76},
  year={2011},
  publisher={Springer},
  url = {https://arxiv.org/abs/1103.5682}
}

@article{bahcall2015dark,
  title={Dark matter universe},
  author={Bahcall, Neta A},
  journal={Proceedings of the National Academy of Sciences},
  volume={112},
  number={40},
  pages={12243--12245},
  year={2015},
  publisher={National Acad Sciences},
  url = {https://doi.org/10.1073/pnas.1516944112}
}

@article{shiers2007worldwide,
  title={The worldwide LHC computing grid (worldwide LCG)},
  author={Shiers, Jamie},
  journal={Computer physics communications},
  volume={177},
  number={1-2},
  pages={219--223},
  year={2007},
  publisher={Elsevier},
  url = {https://doi.org/10.1016/j.cpc.2007.02.021}
}

@book{cottingham2007introduction,
  title={An introduction to the standard model of particle physics},
  author={Cottingham, W Noel and Greenwood, Derek A},
  year={2007},
  publisher={Cambridge university press}
}

@book{thomson2013modern,
  title={Modern particle physics},
  author={Thomson, Mark},
  year={2013},
  publisher={Cambridge University Press}
}

@book{terning2006modern,
  title={Modern supersymmetry: Dynamics and duality},
  author={Terning, John},
  volume={132},
  year={2006},
  publisher={Oxford University Press}
}

@book{aitchison2007supersymmetry,
  title={Supersymmetry in particle physics: an elementary introduction},
  author={Aitchison, Ian},
  year={2007},
  publisher={Cambridge University Press}
}

@book{baer2006weak,
  title={Weak scale supersymmetry: From superfields to scattering events},
  author={Baer, Howard and Tata, Xerxes},
  year={2006},
  publisher={Cambridge University Press}
}

@article{plehn2010stop,
  title={Stop reconstruction with tagged tops},
  author={Plehn, Tilman and Spannowsky, Michael and Takeuchi, Michihisa and Zerwas, Dirk},
  journal={Journal of High Energy Physics},
  volume={2010},
  number={10},
  pages={78},
  year={2010},
  publisher={Springer},
  url = {http://arxiv.org/abs/1006.2833}
}

@article{cheng1994neural,
  title={Neural networks: A review from a statistical perspective},
  author={Cheng, Bing and Titterington, D Michael},
  journal={Statistical science},
  pages={2--30},
  year={1994},
  publisher={JSTOR},
  URL = {http://www.jstor.org/stable/2246275}
}

@inproceedings{seymour1996jets,
  title={Jets in QCD},
  author={Seymour, Michael H},
  booktitle={AIP Conference Proceedings},
  volume={357},
  pages={568--587},
  year={1996},
  organization={AIP},
  url = {https://cds.cern.ch/record/283896/files/9506421.pdf}
}

@article{karlik2011performance,
  title={Performance analysis of various activation functions in generalized MLP architectures of neural networks},
  author={Karlik, Bekir and Olgac, A Vehbi},
  journal={International Journal of Artificial Intelligence and Expert Systems},
  volume={1},
  number={4},
  pages={111--122},
  year={2011},
  url = {http://www.cscjournals.org/manuscript/Journals/IJAE/Volume1/Issue4/IJAE-26.pdf}
}

@techreport{cms2019search,
  title={Search for direct top squark pair production in events with one lepton, jets and missing transverse energy at 13 TeV},
  author={Collaboration CMS and others},
  year={2019},
  institution={tech. rep., 2019. CMS-PAS-SUS-19-009},
  url = {http://inspirehep.net/record/1743675?ln=en}
}

@article{de2014delphes,
  title={DELPHES 3: a modular framework for fast simulation of a generic collider experiment},
  author={De Favereau, J and Delaere, Christophe and Demin, Pavel and Giammanco, Andrea and Lemaitre, Vincent and Mertens, Alexandre and Selvaggi, Michele and Delphes 3 Collaboration and others},
  journal={Journal of High Energy Physics},
  volume={2014},
  number={2},
  pages={57},
  year={2014},
  publisher={Springer},
  url = {https://doi.org/10.1007/JHEP02(2014)057}
}

@article{cms2016searches,
  title={Searches for pair production of third-generation squarks in $\sqrt{s}=13$ TeV pp collisions},
  author={Collaboration CMS and others},
  journal={arXiv preprint arXiv:1612.03877},
  year={2016},
  url = {https://arxiv.org/abs/1612.03877}
}

@article{cms2017search,
  title={Search for top squark pair production in pp collisions at $\sqrt{s}=13$ TeV using single lepton events},
  author={Collaboration CMS and others},
  year={2017},
  publisher={Springer},
  url = {https://arxiv.org/abs/1706.04402}
}

@article{cacciari2008anti,
  title={The anti-kt jet clustering algorithm},
  author={Cacciari, Matteo and Salam, Gavin P and Soyez, Gregory},
  journal={Journal of High Energy Physics},
  volume={2008},
  number={04},
  pages={063},
  year={2008},
  publisher={IOP Publishing},
  url = {https://doi.org/10.1088\%2F1126-6708\%2F2008\%2F04\%2F063}
}

@article{friedman2001greedy,
  title={Greedy function approximation: a gradient boosting machine},
  author={Friedman, Jerome H},
  journal={Annals of statistics},
  pages={1189--1232},
  year={2001},
  publisher={JSTOR},
  url = {https://www.jstor.org/stable/2699986}
}

@inproceedings{chen2016xgboost,
  title={Xgboost: A scalable tree boosting system},
  author={Chen, Tianqi and Guestrin, Carlos},
  booktitle={Proceedings of the 22nd acm sigkdd international conference on knowledge discovery and data mining},
  pages={785--794},
  year={2016},
  organization={ACM},
  url = {https://doi.org/10.1145/2939672.2939785}
}

@unpublished{CMSdetector,
      author        = "Barney, David",
      title         = "{CMS Detector Slice}",
      month         = "Jan",
      year          = "2016",
      reportNumber  = "CMS-PHO-GEN-2016-001",
      url           = "https://cds.cern.ch/record/2120661",
      note          = "CMS Collection.",
}

@incollection{ATLASandCMSDetector,
author = {Castillo, Luis Roberto Flores},
title = {The ATLAS and CMS detectors},
booktitle = {The Search and Discovery of the Higgs Boson},
publisher = {Morgan & Claypool Publishers},
year = {2015},
series = {2053-2571},
type = {Book Chapter},
pages = {4-1 to 4-8},
url = {http://dx.doi.org/10.1088/978-1-6817-4078-2ch4},
doi = {10.1088/978-1-6817-4078-2ch4},
isbn = {978-1-6817-4078-2}
}

@Manual{R,
    title = {R: A Language and Environment for Statistical Computing},
    author = {{R Core Team}},
    organization = {R Foundation for Statistical Computing},
    address = {Vienna, Austria},
    year = {2019},
    url = {https://www.R-project.org/},
}
  
@Manual{xgboost,
    title = {xgboost: Extreme Gradient Boosting},
    author = {Tianqi Chen, Tong He, Michael Benesty, Vadim Khotilovich, Yuan Tang, Hyunsu Cho, Kailong Chen, Rory Mitchell, Ignacio Cano, Tianyi Zhou, Mu Li, Junyuan Xie, Min Lin, Yifeng Geng, Yutian Li},
    year = {2019},
    note = {R package version 0.82.1},
    url = {https://CRAN.R-project.org/package=xgboost},
}

@Article{tourr,
    title = {{tourr}: An {R} Package for Exploring Multivariate Data with Projections},
    author = {Wickham, Hadley and Cook, Dianne and Hofmann, Heike and Buja, Andreas},
    journal = {Journal of Statistical Software},
    year = {2011},
    volume = {40},
    number = {2},
    pages = {1--18},
    url = {http://www.jstatsoft.org/v40/i02/},
}

@Manual{h2o,
    title = {h2o: R Interface for 'H2O'},
    author = {LeDell, Erin and Gill, Navdeep and Aiello, Spencer and Fu, Anqi and Candel, Arno and Click, Cliff and Kraljevic, Tom and Nykodym, Tomas and  Aboyoun, Patrick and Kurka, Michal and Malohlava, Michal},
    year = {2019},
    note = {R package version 3.26.0.2},
    url = {https://CRAN.R-project.org/package=h2o},
} 

@book{grupen2008particle,
  title={Particle detectors},
  author={Grupen, Claus and Shwartz, Boris},
  volume={26},
  year={2008},
  publisher={Cambridge university press}
}